<record xmlns='http://www.loc.gov/MARC21/slim'><leader>01035cam a2200325 a 4500</leader><controlfield tag='001'>744313</controlfield><controlfield tag='005'>20181031170441.0</controlfield><controlfield tag='008'>770512c19761975fr       b    000 0 fre  </controlfield><datafield ind1=' ' ind2=' ' tag='010'><subfield code='a'>77462070</subfield></datafield><datafield ind1=' ' ind2=' ' tag='015'><subfield code='a'>F***</subfield></datafield><datafield ind1='1' ind2=' ' tag='019'><subfield code='a'>881970</subfield></datafield><datafield ind1=' ' ind2=' ' tag='035'><subfield code='9'>(AuCNLDY)238525</subfield></datafield><datafield ind1=' ' ind2=' ' tag='035'><subfield code='a'>744313</subfield></datafield><datafield ind1=' ' ind2=' ' tag='040'><subfield code='a'>LC</subfield><subfield code='b'>eng</subfield><subfield code='c'>LC</subfield><subfield code='d'>VBRIM</subfield></datafield><datafield ind1='1' ind2=' ' tag='041'><subfield code='a'>fre</subfield><subfield code='a'>per</subfield></datafield><datafield ind1='0' ind2='0' tag='050'><subfield code='a'>BP189.7.M42</subfield><subfield code='b'>A324 1976</subfield></datafield><datafield ind1='0' ind2='4' tag='082'><subfield code='a'>297/.4</subfield></datafield><datafield ind1='0' ind2=' ' tag='100'><subfield code='a'>Jalal al-Din Rumi,</subfield><subfield code='c'>Maulana,</subfield><subfield code='d'>1207-1273.</subfield></datafield><datafield ind1='1' ind2='0' tag='240'><subfield code='a'>Fihi ma fih.</subfield><subfield code='l'>French</subfield></datafield><datafield ind1='1' ind2='3' tag='245'><subfield code='a'>Le livre du dedans =</subfield><subfield code='b'>Fihi-ma-fihi /</subfield><subfield code='c'>Djalal-ud-Din Rumi ; traduit du persan par Eva de Vitray-Meyerovitch.</subfield></datafield><datafield ind1=' ' ind2=' ' tag='260'><subfield code='a'>Paris :</subfield><subfield code='b'>Sindbad,</subfield><subfield code='c'>[1976] c1975.</subfield></datafield><datafield ind1=' ' ind2=' ' tag='300'><subfield code='a'>305 p. ;</subfield><subfield code='c'>23 cm.</subfield></datafield><datafield ind1='0' ind2=' ' tag='490'><subfield code='a'>Bibliotheque persane</subfield></datafield><datafield ind1='0' ind2=' ' tag='490'><subfield code='a'>Collection Unesco d&apos;oeuvres representatives</subfield></datafield><datafield ind1=' ' ind2=' ' tag='500'><subfield code='a'>Translation of Fihi ma fih.</subfield></datafield><datafield ind1=' ' ind2=' ' tag='504'><subfield code='a'>Includes bibliographical references.</subfield></datafield><datafield ind1=' ' ind2='0' tag='650'><subfield code='a'>Sufism</subfield><subfield code='x'>Early works to 1800.</subfield></datafield><datafield ind1='1' ind2=' ' tag='700'><subfield code='a'>Vitray-Meyerovitch, Eva de.</subfield></datafield><datafield ind1='1' ind2=' ' tag='852'><subfield code='b'>GEN</subfield><subfield code='h'>297.4</subfield><subfield code='i'>J26</subfield></datafield><datafield ind1='f' ind2='f' tag='999'><subfield code='i'>d54f0dcb-b6ca-57de-b249-cf645920f931</subfield><subfield code='s'>7637c962-a566-5dfc-912e-6bc2d6736b73</subfield></datafield><datafield ind1='f' ind2='f' tag='952'><subfield code='a'>National Library of Australia</subfield><subfield code='b'>Parkes</subfield><subfield code='c'>Parkes</subfield><subfield code='d'>Main Reading Room - Held offsite (MITCHELL WAREHOUSE)</subfield><subfield code='e'>297.4 J26</subfield><subfield code='h'>Dewey Decimal classification</subfield><subfield code='i'>Monograph</subfield><subfield code='m'>c90367a8-e509-5604-94c8-96bc4de209dc</subfield></datafield></record>